@online{elferink,
    author= {Elferink, Maarten and Schierhorn, Florian},
     date    = {2016-04-07},
  title  = {Global Demand for Food Is Rising. Can We Meet It?},
  journal = {Harvard Business Review},
  url    = {https://hbr.org/2016/04/global-demand-for-food-is-rising-can-we-meet-it}
},

@online{ritchie,
 author  = {Ritchie, Hannah},
 date    = {2021-08-21},
 title   = {Smallholders produce one-third of the worldâ€™s food, less than half of what many headlines claim},
 journal = {Our World in Data},
 url     = {https://ourworldindata.org/smallholder-food-production}
},

@online{chemicals,
 date    = {2019},
 title   = {Chemicals in the Farm Ecosystem},
 journal = {Kenyon},
 url     = {https://www2.kenyon.edu/projects/farmschool/nature/chem.htm}
},


@online{stewart,
 author  = {Stewart, Matthew},
 date    = {2019-02-26},
 title   = {Simple Introduction to Convolutional Neural Networks},
 journal = {Towards Data Science},
 url     = {https://towardsdatascience.com/simple-introduction-to-convolutional-neural-networks-cdf8d3077bac}
},


@online{frontiers,
 author  = {Mohanty, Sharada P. and Hughes, David P. and Salath\'{e}, Marcel},
 date    = {2016-09-22},
 title   = {Using Deep Learning for Image-Based Plant Disease Detection},
 journal = {Frontiers in Plant Science},
 url     = {https://doi.org/10.3389/fpls.2016.01419}
}